%Volume Sampling
@article{kajiya1984ray,
  title={Ray tracing volume densities},
  author={Kajiya, James T and Von Herzen, Brian P},
  journal={ACM SIGGRAPH computer graphics},
  volume={18},
  number={3},
  pages={165--174},
  year={1984},
  publisher={ACM New York, NY, USA}
} 



@article{wang2004image,
  title={Image quality assessment: from error visibility to structural similarity},
  author={Wang, Zhou and Bovik, Alan C and Sheikh, Hamid R and Simoncelli, Eero P},
  journal={IEEE transactions on image processing},
  volume={13},
  number={4},
  pages={600--612},
  year={2004},
  publisher={IEEE}
}


@article{muller2022instant,
  title={Instant neural graphics primitives with a multiresolution hash encoding},
  author={M{\"u}ller, Thomas and Evans, Alex and Schied, Christoph and Keller, Alexander},
  journal={ACM Transactions on Graphics (ToG)},
  volume={41},
  number={4},
  pages={1--15},
  year={2022},
  publisher={ACM New York, NY, USA}
}


@misc{ PSNR,
author = "Wikipedia ",
title = "Peak signal-to-noise ratio --- {Wikipedia}{,} die freie Enzyklopädie",
year = "2023",
url = "https://en.wikipedia.org/w/index.php?title=Peak_signal-to-noise_ratio&oldid=1145027401",
note = "[Online; Stand 18. Februar 2024]"
}

@misc{ raytracing,
author = "Wikipedia",
title = "Raytracing --- Wikipedia{,} die freie Enzyklopädie",
year = "2024",
url = "https://de.wikipedia.org/w/index.php?title=Raytracing&oldid=241267897",
note = "[Online; Stand 18. Februar 2024]"
}





@misc{Raycasting_fig,
  author = {Pilia, Martino },
  howpublished = {https://martinopilia.com/posts/2018/09/17/volume-raycasting.html},
  note = {Online; accessed February 18, 2024}
}



@article{bradski2000opencv,
  title={The openCV library.},
  author={Bradski, Gary},
  journal={Dr. Dobb's Journal: Software Tools for the Professional Programmer},
  volume={25},
  number={11},
  pages={120--123},
  year={2000},
  publisher={Miller Freeman Inc.}
}




@inproceedings{VR_interacting,
  title={Interacting with Neural Radiance Fields in Immersive Virtual Reality},
  author={Li, Ke and Rolff, Tim and Schmidt, Susanne and Bacher, Reinhard and Leemans, Wim and Steinicke, Frank},
  booktitle={Extended Abstracts of the 2023 CHI Conference on Human Factors in Computing Systems},
  pages={1--4},
  year={2023}
}


@misc{synthetic_data_unity,
    author = {Ruksi Korpisara},
    title = {Synthetic Training Dataset with Unity},
    howpublished = {https://valohai.com/blog/synthetic-training-dataset-generation-with-unity/},
    note = {Online; accessed February 27, 2024}
}



@article{max1995optical,
  title={Optical models for direct volume rendering},
  author={Max, Nelson},
  journal={IEEE Transactions on Visualization and Computer Graphics},
  volume={1},
  number={2},
  pages={99--108},
  year={1995},
  publisher={IEEE}
}

@inproceedings{zwicker2001ewa,
  title={EWA volume splatting},
  author={Zwicker, Matthias and Pfister, Hanspeter and Van Baar, Jeroen and Gross, Markus},
  booktitle={Proceedings Visualization, 2001. VIS'01.},
  pages={29--538},
  year={2001},
  organization={IEEE}
}

@inproceedings{schoenberger2016sfm,
    author={Sch\"{o}nberger, Johannes Lutz and Frahm, Jan-Michael},
    title={Structure-from-Motion Revisited},
    booktitle={Conference on Computer Vision and Pattern Recognition (CVPR)},
    year={2016},
}

@inproceedings{schoenberger2016mvs,
    author={Sch\"{o}nberger, Johannes Lutz and Zheng, Enliang and Pollefeys, Marc and Frahm, Jan-Michael},
    title={Pixelwise View Selection for Unstructured Multi-View Stereo},
    booktitle={European Conference on Computer Vision (ECCV)},
    year={2016},
}





@misc{4DGSEfficiency,
      title={4D Gaussian Splatting: Towards Efficient Novel View Synthesis for Dynamic Scenes}, 
      author={Yuanxing Duan and Fangyin Wei and Qiyu Dai and Yuhang He and Wenzheng Chen and Baoquan Chen},
      year={2024},
      eprint={2402.03307},
      archivePrefix={arXiv},
      primaryClass={cs.CV}
}


@Article{kerbl3Dgaussians,
      author       = {Kerbl, Bernhard and Kopanas, Georgios and Leimk{\"u}hler, Thomas and Drettakis, George},
      title        = {3D Gaussian Splatting for Real-Time Radiance Field Rendering},
      journal      = {ACM Transactions on Graphics},
      number       = {4},
      volume       = {42},
      month        = {July},
      year         = {2023},
}

@misc{yuan20251000fps4dgaussian,
      title={1000+ FPS 4D Gaussian Splatting for Dynamic Scene Rendering}, 
      author={Yuheng Yuan and Qiuhong Shen and Xingyi Yang and Xinchao Wang},
      year={2025},
      eprint={2503.16422},
      archivePrefix={arXiv},
      primaryClass={cs.CV},
      url={https://arxiv.org/abs/2503.16422}, 
}


%%%%%%%%%%%%%%%%%%%%%%%%%%%%%%%StateoftheArt%%%%%%%%%%%%%%%%%%%%%%%%%%%%%%%%%%



@article{mildenhall2021nerf,
  title={Nerf: Representing scenes as neural radiance fields for view synthesis},
  author={Mildenhall, Ben and Srinivasan, Pratul P and Tancik, Matthew and Barron, Jonathan T and Ramamoorthi, Ravi and Ng, Ren},
  journal={Communications of the ACM},
  volume={65},
  number={1},
  pages={99--106},
  year={2021},
  publisher={ACM New York, NY, USA}
}

%Mip-NeRF
@inproceedings{barron2021mip,
  title={Mip-nerf: A multiscale representation for anti-aliasing neural radiance fields},
  author={Barron, Jonathan T and Mildenhall, Ben and Tancik, Matthew and Hedman, Peter and Martin-Brualla, Ricardo and Srinivasan, Pratul P},
  booktitle={Proceedings of the IEEE/CVF International Conference on Computer Vision},
  pages={5855--5864},
  year={2021}
}

@inproceedings{barron2023zipnerf,
  title={Zip-NeRF: Anti-Aliased Grid-Based Neural Radiance Fields},
  author={Barron, Jonathan T and Mildenhall, Ben and Verbin, Dor and Srinivasan, Pratul P and Hedman, Peter},
  booktitle={Proceedings of the IEEE/CVF Conference on Computer Vision and Pattern Recognition (CVPR)},
  pages={20766--20776},
  year={2023}
}


@inproceedings{park2021nerfies,
  title={Nerfies: Deformable neural radiance fields},
  author={Park, Keunhong and Sinha, Utkarsh and Barron, Jonathan T and Bouaziz, Sofien and Goldman, Dan B and Seitz, Steven M and Martin-Brualla, Ricardo},
  booktitle={Proceedings of the IEEE/CVF international conference on computer vision},
  pages={5865--5874},
  year={2021}
}

@article{park2021hypernerf,
  title={HyperNeRF: a higher-dimensional representation for topologically varying neural radiance fields},
  author={Park, Keunhong and Sinha, Utkarsh and Hedman, Peter and Barron, Jonathan T and Bouaziz, Sofien and Goldman, Dan B and Martin-Brualla, Ricardo and Seitz, Steven M},
  journal={ACM TOG},
  volume={40},
  number={6},
  withoutpages={1--12},
  year={2021},
  publisher={ACM New York, NY, USA}
}

@InProceedings{pumarola2021d,
  author    = {Pumarola, Albert and Corona, Enric and Pons-Moll, Gerard and Moreno Noguer, Francesc},
  booktitle = {CVPR},
  title     = {D-nerf: Neural radiance fields for dynamic scenes},
  year      = {2021},
  withoutpages   = {10318--10327},
}

@InProceedings{	  lineuralsceneflowfieldsspacetime2021,
  title = {Neural Scene Flow Fields for Space-Time View Synthesis of Dynamic Scenes},
  booktitle= {CVPR},
  author= {Li, Zhengqi and Niklaus, Simon and Snavely, Noah and Wang, Oliver},
  year= {2021},
  withoutpages= {6498--6508}
}

@InProceedings{	duneuralradianceflow4dview2021,
  title		= {Neural Radiance Flow for 4d View Synthesis and Video Processing},
  booktitle	= {ICCV},
  author	= {Du, Yilun and Zhang, Yinan and Yu, Hong-Xing and
		  Tenenbaum, Joshua B and Wu, Jiajun},
  year	= {2021},
  withoutpages		= {14304--14314}
}

@inproceedings{fridovich2023k,
  title={K-planes: Explicit radiance fields in space, time, and appearance},
  author={Fridovich-Keil, Sara and Meanti, Giacomo and Warburg, Frederik Rahb{\ae}k and Recht, Benjamin and Kanazawa, Angjoo},
  booktitle={Proceedings of the IEEE/CVF Conference on Computer Vision and Pattern Recognition},
  pages={12479--12488},
  year={2023}
}

@InProceedings{	  caohexplanefastrepresentationdynamicscenes2023,
  title		= {Hexplane: {{A}} Fast Representation for Dynamic Scenes},
  booktitle	= {CVPR},
  author	= {Cao, Ang and Johnson, Justin},
  year		= {2023},
  withoutpages		= {130--141}
}

@InProceedings{li2022neural,
  author    = {Li, Tianye and Slavcheva, Mira and Zollhoefer, Michael and Green, Simon and Lassner, Christoph and Kim, Changil and Schmidt, Tanner and Lovegrove, Steven and Goesele, Michael and Newcombe, Richard and others},
  booktitle = {CVPR},
  title     = {Neural 3d video synthesis from multi-view video},
  year      = {2022},
  withoutpages     = {5521--5531},
}


@Article{songnerfplayer,
  title		= {Nerfplayer: {{A}} Streamable Dynamic Scene Representation
		  with Decomposed Neural Radiance Fields},
  author	= {Song, Liangchen and Chen, Anpei and Li, Zhong and Chen,
		  Zhang and Chen, Lele and Yuan, Junsong and Xu, Yi and
		  Geiger, Andreas},
  year= {2023},
  journal	= {TVCG},
  volume	= {29},
  number	= {5},
  withoutpages= {2732--2742}
}


@inproceedings{stearnsmarbels,
  title={Dynamic gaussian marbles for novel view synthesis of casual monocular videos},
  author={Stearns, Colton and Harley, Adam and Uy, Mikaela and Dubost, Florian and Tombari, Federico and Wetzstein, Gordon and Guibas, Leonidas},
  booktitle={SIGGRAPH Asia},
  withoutpages={1--11},
  year={2024}
}

@inproceedings{luiten2024dynamic,
  title={Dynamic 3D Gaussians: Tracking by Persistent Dynamic View Synthesis},
  author={Luiten, Jonathon and Kopanas, Georgios and Leibe, Bastian and Ramanan, Deva},
  booktitle={International Conference on 3D Vision (3DV)},
  year={2024}
}

@InProceedings{wu20244d,
  author    = {Wu, Guanjun and Yi, Taoran and Fang, Jiemin and Xie, Lingxi and Zhang, Xiaopeng and Wei, Wei and Liu, Wenyu and Tian, Qi and Wang, Xinggang},
  booktitle = {CVPR},
  title     = {4d gaussian splatting for real-time dynamic scene rendering},
  year      = {2024},
  withoutpages     = {20310--20320},
}

@InProceedings{yang2024deformable,
  author    = {Yang, Ziyi and Gao, Xinyu and Zhou, Wen and Jiao, Shaohui and Zhang, Yuqing and Jin, Xiaogang},
  booktitle = {CVPR},
  title     = {Deformable 3d gaussians for high-fidelity monocular dynamic scene reconstruction},
  year      = {2024},
  withoutpages     = {20331--20341},
}

@InProceedings{	 lispacetimegaussianfeaturesplattingrealtime2024,
  title		= {Spacetime Gaussian Feature Splatting for Real-Time Dynamic
		  View Synthesis},
  booktitle	= {CVPR},
  author	= {Li, Zhan and Chen, Zhang and Li, Zhong and Xu, Yi},
  year		= {2024},
  withoutpages		= {8508--8520}
}

@inproceedings{yang2023gs4d,
  title={Real-time Photorealistic Dynamic Scene Representation and Rendering with 4D Gaussian Splatting},
  author={Yang, Zeyu and Yang, Hongye and Pan, Zijie and Zhang, Li},
  booktitle={International Conference on Learning Representations (ICLR)},
  year={2024}
}

@InProceedings{zhou2024drivinggaussian,
  author    = {Zhou, Xiaoyu and Lin, Zhiwei and Shan, Xiaojun and Wang, Yongtao and Sun, Deqing and Yang, Ming-Hsuan},
  booktitle = {CVPR},
  title     = {Drivinggaussian: {{Composite}} Gaussian Splatting for Surrounding Dynamic Autonomous Driving Scenes},
  year      = {2024},
  withoutpages     = {21634--21643},
}
@InProceedings{	  kocabas2024hugs,
  title		= {Hugs: Human gaussian splats},
  author	= {Kocabas, Muhammed and Chang, Jen-Hao Rick and Gabriel,
		  James and Tuzel, Oncel and Ranjan, Anurag},
  booktitle	= {CVPR},
  withoutpages		= {505--515},
  year		= {2024}
}






####new 


@inproceedings{Dwibedi2017,
  title = {Cut, Paste and Learn: Surprisingly Easy Synthesis for Instance Detection},
  author = {Dwibedi, Debidatta and Misra, Ishan and Hebert, Martial},
  booktitle = {Proceedings of the IEEE International Conference on Computer Vision (ICCV)},
  year = {2017},
  pages = {1310--1319},
  url = {https://arxiv.org/abs/1708.01642}
}

@inproceedings{Tobin2017,
  title = {Domain Randomization for Transferring Deep Neural Networks from Simulation to the Real World},
  author = {Tobin, Josh and Fong, Rachel and Ray, Alex and Schneider, Jonas and Zaremba, Wojciech and Abbeel, Pieter},
  booktitle = {2017 IEEE/RSJ International Conference on Intelligent Robots and Systems (IROS)},
  year = {2017},
  pages = {23--30},
  url = {https://arxiv.org/abs/1703.06907}
}

@article{Liu2018,
  title = {Image Inpainting for Irregular Holes Using Partial Convolutions},
  author = {Liu, Guilin and Reda, Fitsum A. and Shih, Kevin J. and Wang, Ting-Chun and Tao, Andrew and Catanzaro, Bryan},
  journal = {Proceedings of the European Conference on Computer Vision (ECCV)},
  year = {2018},
  pages = {85--100},
  url = {https://arxiv.org/abs/1804.07723}
}

@article{Li2023MattingSurvey,
  title = {Deep Image Matting: A Comprehensive Survey},
  author = {Li, Jiayi and Niu, Li and Zhang, Liqing},
  journal = {arXiv preprint arXiv:2304.04672}    ,
  year = {2023},
  url = {https://arxiv.org/abs/2304.04672}
}

@article{Denninger2019,
  title = {BlenderProc: A Procedural Pipeline for Photorealistic Rendering},
  author = {Denninger, Markus and Sundermeyer, Martin and Winkelbauer, Dominik and Zidan, Youssef and Olefir, Dmitry and Elbadrawy, Mohy and Lodhi, Ahsan and Katam, Haritha and Hodan, Tomas and Michel, Frank and Rother, Carsten and Ilic, Slobodan},
  journal = {arXiv preprint arXiv:1911.01911}    ,
  year = {2019},
  url = {https://arxiv.org/abs/1911.01911}
}

@inproceedings{Lee2018,
  title = {Context-Aware Synthesis and Placement of Object Instances},
  author = {Lee, Donghoon and Liu, Sifei and Gu, Jinwei and Liu, Ming-Yu and Yang, Ming-Hsuan and Kautz, Jan},
  booktitle = {Advances in Neural Information Processing Systems (NeurIPS)},
  year = {2018},
  url = {https://arxiv.org/abs/1812.02350}
}

@article{Kirillov2023,
  title = {Segment Anything},
  author = {Kirillov, Alexander and Mintun, Eric and Ravi, Nikhila and Mao, Zhuang and Rolland, C. David and Gustafson, Laura and Vedaldi, Andrea and Shapira, Ori and Finkelstein, Joseph and Darrell, Trevor and Girshick, Ross and Dollár, Piotr},
  journal = {arXiv preprint arXiv:2304.02643}    ,
  year = {2023},
  url = {https://arxiv.org/abs/2304.02643}
}

@inproceedings{Bertasius2020,
  title = {Classifying, Segmenting, and Tracking Object Instances in Video with Mask Propagation},
  author = {Bertasius, Gedas and Torresani, Lorenzo},
  booktitle = {Proceedings of the IEEE/CVF Conference on Computer Vision and Pattern Recognition (CVPR)},
  year = {2020},
  pages = {9739--9748},
  url = {https://openaccess.thecvf.com/content_CVPR_2020/html/Bertasius_Classifying_Segmenting_and_Tracking_Object_Instances_in_Video_with_Mask_Propagation_CVPR_2020_paper.html}
}

@inproceedings{Godard2019,
  title = {Digging Into Self-Supervised Monocular Depth Estimation},
  author = {Godard, Clément and Mac Aodha, Oisin and Firman, Michael and Brostow, Gabriel J.},
  booktitle = {Proceedings of the IEEE/CVF International Conference on Computer Vision (ICCV)},
  year = {2019},
  pages = {3827--3837},
  url = {https://arxiv.org/abs/1806.01260}
}

@article{Niu2021,
  title = {Making Images Real Again: A Comprehensive Survey on Deep Image Composition},
  author = {Niu, Li and Cong, Wenyan and Liu, Liu and Hong, Yan and Zhang, Bo and Liang, Jing and Zhang, Liqing},
  journal = {arXiv preprint arXiv:2106.14490} ,
  year = {2021},
  url = {https://arxiv.org/abs/2106.14490}
}

@article{InpaintingLimitations2019,
  title = {Free-form Image Inpainting with Gated Convolution},
  author = {Yu, Jiahui and Lin, Zhe and Yang, Jimei and Shen, Xiaohui and Lu, Xin and Huang, Thomas S.},
  journal = {Proceedings of the IEEE/CVF International Conference on Computer Vision (ICCV)},
  year = {2019},
  pages = {4471--4480},
  url = {https://arxiv.org/abs/1806.03589}
}

@article{MonoDepthLimitations2018,
  title = {Unsupervised Monocular Depth Estimation with Left-Right Consistency},
  author = {Godard, Clément and Mac Aodha, Oisin and Brostow, Gabriel J.},
  journal = {Proceedings of the IEEE Conference on Computer Vision and Pattern Recognition (CVPR)},
  year = {2017},
  pages = {270--279},
  url = {https://arxiv.org/abs/1609.03677}
}

@inproceedings{MaskPropagation2019,
  title = {MaskProp: Classifying, Segmenting, and Tracking Object Instances in Video},
  author = {Bertasius, Gedas and Torresani, Lorenzo},
  booktitle = {Proceedings of the IEEE/CVF International Conference on Computer Vision Workshops (ICCVW)},
  year = {2019},
  url = {https://openaccess.thecvf.com/content_ICCVW_2019/html/YouTube-VOS/Bertasius_MaskProp_Classifying_Segmenting_and_Tracking_Object_Instances_in_Video_ICCVW_2019_paper.html}
}

@misc{SyntheticDrone2023,
  title={Synthetic Data Generation for Object Detection with NeRF and Gaussian Splatting: Enhancing Synthetic Drone Detection with Neural and Point-Based Rendering Techniques in Unreal Engine 5},
  author={Strandberg, Stina},
  year={2025}
}


@inproceedings{SurgicalGS2023,
  title={Realistic surgical image dataset generation based on 3d gaussian splatting},
  author={Zeng, Tianle and Loza Galindo, Gerardo and Hu, Junlei and Valdastri, Pietro and Jones, Dominic},
  booktitle={International Conference on Medical Image Computing and Computer-Assisted Intervention},
  pages={510--519},
  year={2024},
  organization={Springer}
}

@inproceedings{MobileRobotsGS2024,
  title={Synthetic Dataset Generation for Autonomous Mobile Robots Using 3D Gaussian Splatting for Vision Training},
  author={Deogan, Aneesh and Beks, Wout and Teurlings, Peter and De Vos, Koen and Van Den Brand, Mark and Van De Molengraft, Ren{\'e}},
  booktitle={2025 IEEE 21st International Conference on Automation Science and Engineering (CASE)},
  pages={2802--2807},
  year={2025},
  organization={IEEE}
}


@inproceedings{CutAndSplat2024,
  title={Cut-and-splat: Leveraging gaussian splatting for synthetic data generation},
  author={Vanhele, Bram and Zoomers, Brent and Put, Jeroen and Reeth, Frank Van and Michiels, Nick},
  booktitle={International Conference on Robotics, Computer Vision and Intelligent Systems},
  pages={44--62},
  year={2025},
  organization={Springer}
}

@inproceedings{He2017MaskRCNN,
  title={Mask R-CNN},
  author={He, Kaiming and Gkioxari, Georgia and Doll{\'a}r, Piotr and Girshick, Ross},
  booktitle={Proceedings of the IEEE International Conference on Computer Vision (ICCV)},
  year={2017},
  pages={2961--2969},
  doi={10.1109/ICCV.2017.322}
}

@misc{Detectron22020,
  title={Detectron2},
  author={Wu, Yuxin and Kirillov, Alexander and Massa, Francisco and Lo, Wan-Yen and Girshick, Ross},
  year={2019},
  howpublished={\url{https://github.com/facebookresearch/detectron2}},
  note={Facebook AI Research}
}


@article{xiang2024structured,
    title   = {Structured 3D Latents for Scalable and Versatile 3D Generation},
    author  = {Xiang, Jianfeng and Lv, Zelong and Xu, Sicheng and Deng, Yu and Wang, Ruicheng and 
               Zhang, Bowen and Chen, Dong and Tong, Xin and Yang, Jiaolong},
    journal = {arXiv preprint arXiv:2412.01506},
    year    = {2024}
}
  
@article{ravi2024sam2,
  title={Sam 2: Segment anything in images and videos},
  author={Ravi, Nikhila and Gabeur, Valentin and Hu, Yuan-Ting and Hu, Ronghang and Ryali, Chaitanya and Ma, Tengyu and Khedr, Haitham and R{\"a}dle, Roman and Rolland, Chloe and Gustafson, Laura and others},
  journal={arXiv preprint arXiv:2408.00714},
  year={2024}
}

@inproceedings{gaussian_grouping,
    title={Gaussian Grouping: Segment and Edit Anything in 3D Scenes},
    author={Ye, Mingqiao and Danelljan, Martin and Yu, Fisher and Ke, Lei},
    booktitle={ECCV},
    year={2024}
}

@misc{zanjani2025gaussiansplattingeffectivedata,
      title={Gaussian Splatting is an Effective Data Generator for 3D Object Detection}, 
      author={Farhad G. Zanjani and Davide Abati and Auke Wiggers and Dimitris Kalatzis and Jens Petersen and Hong Cai and Amirhossein Habibian},
      year={2025},
      eprint={2504.16740},
}








\%%%%%%%%%%%%%%%%%%%%%%%%%%%%%%%Introduction%%%%%%%%%%%%%%%%%%%%%%%%%%%%%%%%%%@article{lecun2015deep,
  title={Deep learning},
  author={LeCun, Yann and Bengio, Yoshua and Hinton, Geoffrey},
  journal={Nature},
  volume={521},
  number={7553},
  pages={436--444},
  year={2015},
  publisher={Nature Publishing Group}
}

@inproceedings{krizhevsky2012imagenet,
  title={ImageNet classification with deep convolutional neural networks},
  author={Krizhevsky, Alex and Sutskever, Ilya and Hinton, Geoffrey E},
  booktitle={Advances in Neural Information Processing Systems},
  pages={1097--1105},
  year={2012}
}

@inproceedings{he2017mask,
  title={Mask R-CNN},
  author={He, Kaiming and Gkioxari, Georgia and Doll{\'a}r, Piotr and Girshick, Ross},
  booktitle={Proceedings of the IEEE International Conference on Computer Vision (ICCV)},
  pages={2961--2969},
  year={2017}
}

@article{zollhoefer2018state,
  title={State of the Art on 3D Reconstruction with RGB-D Cameras},
  author={Zollh{\"o}fer, Michael and Stotko, Patrick and Görlitz, Alexander and Theobalt, Christian and Nießner, Matthias and Stamminger, Marc and Magnor, Marcus and Kolb, Andreas},
  journal={Computer Graphics Forum},
  volume={37},
  number={2},
  pages={625--652},
  year={2018},
  publisher={Wiley Online Library}
}

@inproceedings{sun2017revisiting,
  title={Revisiting Unreasonable Effectiveness of Data in Deep Learning Era},
  author={Sun, Chen and Shrivastava, Abhinav and Singh, Saurabh and Gupta, Abhinav},
  booktitle={Proceedings of the IEEE International Conference on Computer Vision (ICCV)},
  pages={843--852},
  year={2017}
}

@article{everingham2010pascal,
  title={The PASCAL Visual Object Classes (VOC) Challenge},
  author={Everingham, Mark and Van Gool, Luc and Williams, Christopher K I and Winn, John and Zisserman, Andrew},
  journal={International Journal of Computer Vision},
  volume={88},
  number={2},
  pages={303--338},
  year={2010},
  publisher={Springer}
}

@inproceedings{lin2014microsoft,
  title={Microsoft COCO: Common Objects in Context},
  author={Lin, Tsung-Yi and Maire, Michael and Belongie, Serge and Hays, James and Perona, Pietro and Ramanan, Deva and Doll{\'a}r, Piotr and Zitnick, C Lawrence},
  booktitle={European Conference on Computer Vision (ECCV)},
  pages={740--755},
  year={2014},
  organization={Springer}
}


@inproceedings{tobin2017domain,
  title={Domain Randomization for Transferring Deep Neural Networks from Simulation to the Real World},
  author={Tobin, Josh and Fong, Rachel and Ray, Alex and Schneider, Jonas and Zaremba, Wojciech and Abbeel, Pieter},
  booktitle={2017 IEEE/RSJ International Conference on Intelligent Robots and Systems (IROS)},
  pages={23--30},
  year={2017},
  organization={IEEE}
}

@article{denninger2019blenderproc,
  title={BlenderProc: A procedural pipeline for photorealistic rendering},
  author={Denninger, Markus and Sundermeyer, Martin and Winkelbauer, Dominik and Zidan, Youssef and Olefir, Dmitry and Elbadrawy, Mohy and Lodhi, Ahsan and Katam, Haritha and Hodan, Tomas and Michel, Frank and Rother, Carsten and Ilic, Slobodan},
  journal={arXiv preprint arXiv:1911.01911},
  year={2019}
}

@inproceedings{dwibedi2017cutpaste,
  title={Cut, Paste and Learn: Surprisingly Easy Synthesis for Instance Detection},
  author={Dwibedi, Debidatta and Misra, Ishan and Hebert, Martial},
  booktitle={Proceedings of the IEEE International Conference on Computer Vision (ICCV)},
  pages={1301--1310},
  year={2017}
}

@article{zanjani2025gaussian,
  title={Gaussian Splatting is an Effective Data Generator for 3D Object Detection},
  author={Zanjani, Farhad G. and Abati, Davide and Wiggers, Auke and Kalatzis, Dimitris and Petersen, Jens and Cai, Hong and Habibian, Amirhossein},
  journal={arXiv preprint arXiv:2501.00000},
  year={2025},
  note={To appear in CVPR 2025}
}

@inproceedings{godard2017unsupervised,
  title={Unsupervised Monocular Depth Estimation with Left-Right Consistency},
  author={Godard, Cl{\'e}ment and Mac Aodha, Oisin and Brostow, Gabriel J.},
  booktitle={Proceedings of the IEEE Conference on Computer Vision and Pattern Recognition (CVPR)},
  pages={270--279},
  year={2017}
}

@inproceedings{bertasius2019maskprop,
  title={MaskProp: Classifying, Segmenting, and Tracking Object Instances in Video},
  author={Bertasius, Gedas and Torresani, Lorenzo},
  booktitle={Proceedings of the IEEE/CVF International Conference on Computer Vision Workshops (ICCVW)},
  pages={970--978},
  year={2019}
}

@article{markley2007averaging,
  title     = {Averaging quaternions},
  author    = {Markley, F. Landis and Cheng, Yang and Crassidis, John L. and Oshman, Yaakov},
  journal   = {Journal of Guidance, Control, and Dynamics},
  volume    = {30},
  number    = {4},
  pages     = {1193--1197},
  year      = {2007},
  publisher = {American Institute of Aeronautics and Astronautics},
  doi       = {10.2514/1.28949}
}
